@Book{galway_flute_1990,
  title = {Flute},
  author = {James Galway},
  year = {1990},
  publisher = {{Kahn \& Averill}},
  googlebooks = {a3QDAAAACAAJ},
  isbn = {978-1-871082-13-5},
  keywords = {Music / Musical Instruments / Woodwinds},
  language = {en},
}
@Article{wilson_best_2014,
  title = {Best {{Practices}} for {{Scientific Computing}}},
  author = {Greg Wilson and D. A. Aruliah and C. Titus Brown and Neil P. {Chue Hong} and Matt Davis and Richard T. Guy and Steven H. D. Haddock and Kathryn D. Huff and Ian M. Mitchell and Mark D. Plumbley and Ben Waugh and Ethan P. White and Paul Wilson},
  editor = {Jonathan A. Eisen},
  year = {2014},
  month = {jan},
  volume = {12},
  pages = {e1001745},
  issn = {1545-7885},
  doi = {10.1371/journal.pbio.1001745},
  file = {/home/cantabile/Zotero/storage/3XNS9PYQ/Wilson et al. - 2014 - Best Practices for Scientific Computing.pdf},
  journal = {PLoS Biology},
  keywords = {dumpsterfire,measured.},
  language = {English},
  number = {1},
}
@Article{wilson_good_2017,
  title = {Good Enough Practices in Scientific Computing},
  author = {Greg Wilson and Jennifer Bryan and Karen Cranston and Justin Kitzes and Lex Nederbragt and Tracy K. Teal},
  editor = {Francis Ouellette},
  year = {2017},
  month = {jun},
  volume = {13},
  pages = {e1005510},
  issn = {1553-7358},
  doi = {10.1371/journal.pcbi.1005510},
  file = {/home/cantabile/Zotero/storage/DTSH3KHG/Wilson et al. - 2017 - Good enough practices in scientific computing.pdf},
  journal = {PLOS Computational Biology},
  keywords = {dumpsterfire,measured.},
  language = {English},
  number = {6},
}
@Article{gray2019textttcodeproof,
  title = {Code::Proof: {{Prepare}} for Most Weather Conditions},
  author = {Charles T. Gray},
  year = {2019},
  archiveprefix = {arXiv},
  eprint = {1910.06964},
  eprinttype = {arxiv},
  primaryclass = {stat.OT},
}
@InProceedings{grayCodeProofPrepare2019,
  title = {Code::Proof: {{Prepare}} for {{Most Weather Conditions}}},
  shorttitle = {Code},
  booktitle = {Statistics and {{Data Science}}},
  author = {Charles T. Gray},
  editor = {Hien Nguyen},
  year = {2019},
  pages = {22--41},
  publisher = {{Springer}},
  address = {{Singapore}},
  doi = {10.1007/978-981-15-1960-4_2},
  isbn = {9789811519604},
  keywords = {Metaprogramming,Metaresearch,Statistical computing},
  language = {en},
  series = {Communications in {{Computer}} and {{Information Science}}},
}
