
@book{chang_fundamentalspianopractice_2009a,
  title = {Fundamentals of Piano Practice},
  author = {Chang, Chuan C},
  year = {2009},
  file = {/home/cantabile/Zotero/storage/XUJPDY6J/Chang - 2009 - Fundamentals of piano practice.pdf},
  isbn = {978-1-4196-7859-2},
  language = {en},
  note = {OCLC: 878421319}
}


@article{wilson_good_2017,
  title = {Good Enough Practices in Scientific Computing},
  author = {Wilson, Greg and Bryan, Jennifer and Cranston, Karen and Kitzes, Justin and Nederbragt, Lex and Teal, Tracy K.},
  editor = {Ouellette, Francis},
  year = {2017},
  month = jun,
  volume = {13},
  pages = {e1005510},
  issn = {1553-7358},
  doi = {10.1371/journal.pcbi.1005510},
  file = {/home/cantabile/Zotero/storage/DTSH3KHG/Wilson et al. - 2017 - Good enough practices in scientific computing.pdf},
  journal = {PLOS Computational Biology},
  keywords = {dumpsterfire,measured.},
  language = {English},
  number = {6}
}


@article{wilson_best_2014,
  title = {Best {{Practices}} for {{Scientific Computing}}},
  author = {Wilson, Greg and Aruliah, D. A. and Brown, C. Titus and Chue Hong, Neil P. and Davis, Matt and Guy, Richard T. and Haddock, Steven H. D. and Huff, Kathryn D. and Mitchell, Ian M. and Plumbley, Mark D. and Waugh, Ben and White, Ethan P. and Wilson, Paul},
  editor = {Eisen, Jonathan A.},
  year = {2014},
  month = jan,
  volume = {12},
  pages = {e1001745},
  issn = {1545-7885},
  doi = {10.1371/journal.pbio.1001745},
  file = {/home/cantabile/Zotero/storage/3XNS9PYQ/Wilson et al. - 2014 - Best Practices for Scientific Computing.pdf},
  journal = {PLoS Biology},
  keywords = {dumpsterfire,measured.},
  language = {English},
  number = {1}
}


@article{wilson_good_2017,
  title = {Good Enough Practices in Scientific Computing},
  author = {Wilson, Greg and Bryan, Jennifer and Cranston, Karen and Kitzes, Justin and Nederbragt, Lex and Teal, Tracy K.},
  editor = {Ouellette, Francis},
  year = {2017},
  month = jun,
  volume = {13},
  pages = {e1005510},
  issn = {1553-7358},
  doi = {10.1371/journal.pcbi.1005510},
  file = {/home/cantabile/Zotero/storage/DTSH3KHG/Wilson et al. - 2017 - Good enough practices in scientific computing.pdf},
  journal = {PLOS Computational Biology},
  keywords = {dumpsterfire,measured.},
  language = {English},
  number = {6}
}


@book{wickham_r_2015,
  title = {R {{Packages}}: {{Organize}}, {{Test}}, {{Document}}, and {{Share Your Code}}},
  author = {Wickham, H.},
  year = {2015},
  publisher = {{O'Reilly Media}},
  isbn = {978-1-4919-1056-6},
  lccn = {2015472811}
}


@misc{hayes_testing_2019,
  title = {Testing Statistical Software - Aleatoric},
  author = {Hayes, Alex},
  year = {2019},
  month = jul,
  file = {/home/cantabile/Zotero/storage/EIHV9CLA/testing-statistical-software.html},
  language = {English},
  type = {Blog}
}



@inproceedings{grayCodeProofPrepare2019,
  title = {Code::Proof: {{Prepare}} for {{Most Weather Conditions}}},
  shorttitle = {Code},
  booktitle = {Statistics and {{Data Science}}},
  author = {Gray, Charles T.},
  editor = {Nguyen, Hien},
  year = {2019},
  pages = {22--41},
  publisher = {{Springer}},
  address = {{Singapore}},
  doi = {10.1007/978-981-15-1960-4_2},
  isbn = {9789811519604},
  keywords = {Metaprogramming,Metaresearch,Statistical computing},
  language = {en},
  series = {Communications in {{Computer}} and {{Information Science}}}
}



@misc{hester_covr_2016,
  title = {Covr: {{Bringing}} Test Coverage to {{R}}},
  shorttitle = {Covr},
  author = {Hester, Jim},
  year = {2016},
  month = jan,
  language = {English}
}







